@inproceedings{thompson2002,
  title={Using modern graphics architectures for general-purpose computing: a framework and analysis},
  author={Thompson, Chris J and Hahn, Sahngyun and Oskin, Mark},
  booktitle={Proceedings of the 35th annual ACM/IEEE international symposium on Microarchitecture},
  pages={306--317},
  year={2002},
  organization={IEEE Computer Society Press}
}

@inproceedings{bratbergsengen1984,
 author = {Bratbergsengen, Kjell},
 title = {Hashing Methods and Relational Algebra Operations},
 booktitle = {Proceedings of the 10th International Conference on Very Large Data Bases},
 series = {VLDB '84},
 year = {1984},
 isbn = {0-934613-16-8},
 pages = {323--333},
 numpages = {11},
 url = {http://dl.acm.org/citation.cfm?id=645912.671296},
 acmid = {671296},
 publisher = {Morgan Kaufmann Publishers Inc.},
 address = {San Francisco, CA, USA}
}

@inproceedings{fang2007,
 author = {Fang, Rui and He, Bingsheng and Lu, Mian and Yang, Ke and Govindaraju, Naga K. and Luo, Qiong and Sander, Pedro V.},
 title = {GPUQP: Query Co-processing Using Graphics Processors},
 booktitle = {Proceedings of the 2007 ACM SIGMOD International Conference on Management of Data},
 series = {SIGMOD '07},
 year = {2007},
 isbn = {978-1-59593-686-8},
 location = {Beijing, China},
 pages = {1061--1063},
 numpages = {3},
 url = {http://doi.acm.org/10.1145/1247480.1247606},
 doi = {10.1145/1247480.1247606},
 acmid = {1247606},
 publisher = {ACM},
 address = {New York, NY, USA},
 keywords = {graphics processing units, query processing}
}

@inproceedings{bakkum2010,
 author = {Bakkum, Peter and Skadron, Kevin},
 title = {Accelerating SQL Database Operations on a GPU with CUDA},
 booktitle = {Proceedings of the 3rd Workshop on General-Purpose Computation on Graphics Processing Units},
 series = {GPGPU '10},
 year = {2010},
 isbn = {978-1-60558-935-0},
 location = {Pittsburgh, Pennsylvania},
 pages = {94--103},
 numpages = {10},
 url = {http://doi.acm.org/10.1145/1735688.1735706},
 doi = {10.1145/1735688.1735706},
 acmid = {1735706},
 publisher = {ACM},
 address = {New York, NY, USA},
 keywords = {CUDA, GPGPU, SQL, databases}
}

@inproceedings{kaldeway2010,
 author = {Kaldewey, Tim and Lohman, Guy and Mueller, Rene and Volk, Peter},
 title = {GPU Join Processing Revisited},
 booktitle = {Proceedings of the Eighth International Workshop on Data Management on New Hardware},
 series = {DaMoN '12},
 year = {2012},
 isbn = {978-1-4503-1445-9},
 location = {Scottsdale, Arizona},
 pages = {55--62},
 numpages = {8},
 url = {http://doi.acm.org/10.1145/2236584.2236592},
 doi = {10.1145/2236584.2236592},
 acmid = {2236592},
 publisher = {ACM},
 address = {New York, NY, USA}
}

@inproceedings{he2008,
 author = {He, Bingsheng and Yang, Ke and Fang, Rui and Lu, Mian and Govindaraju, Naga and Luo, Qiong and Sander, Pedro},
 title = {Relational Joins on Graphics Processors},
 booktitle = {Proceedings of the 2008 ACM SIGMOD International Conference on Management of Data},
 series = {SIGMOD '08},
 year = {2008},
 isbn = {978-1-60558-102-6},
 location = {Vancouver, Canada},
 pages = {511--524},
 numpages = {14},
 url = {http://doi.acm.org/10.1145/1376616.1376670},
 doi = {10.1145/1376616.1376670},
 acmid = {1376670},
 publisher = {ACM},
 address = {New York, NY, USA},
 keywords = {graphics processors, join, parallel processing, primitive, relational database, sort}
}

@inproceedings{govindaraju2004,
 author = {Govindaraju, Naga K. and Lloyd, Brandon and Wang, Wei and Lin, Ming and Manocha, Dinesh},
 title = {Fast Computation of Database Operations Using Graphics Processors},
 booktitle = {Proceedings of the 2004 ACM SIGMOD International Conference on Management of Data},
 series = {SIGMOD '04},
 year = {2004},
 isbn = {1-58113-859-8},
 location = {Paris, France},
 pages = {215--226},
 numpages = {12},
 url = {http://doi.acm.org/10.1145/1007568.1007594},
 doi = {10.1145/1007568.1007594},
 acmid = {1007594},
 publisher = {ACM},
 address = {New York, NY, USA},
 keywords = {aggregation, graphics processor, query optimization, selection query, selectivity analysis, semi-linear query}
}

@online{CUDA,
  author = {{NVIDIA corporation}},
  title = {{NVIDIA CUDA}, \url{https://developer.nvidia.com/cuda-zone}},
  year = 2015,
  url = {\url{https://developer.nvidia.com/cuda-zone}},
  urldate = {2015-12-24}
}

@online{harris2013,
  author = {Mark Harris, {NVIDIA corporation}},
  title = {{Unified Memory in CUDA 6}, \url{http://devblogs.nvidia.com/parallelforall/unified-memory-in-cuda-6/}},
  year = 2013,
  url = {\url{http://devblogs.nvidia.com/parallelforall/unified-memory-in-cuda-6/}},
  urldate = {2015-12-24}
}
